<?xml version="1.0" encoding="UTF-8"?><collection xmlns="http://www.loc.gov/MARC21/slim"><record><leader>00542nam--2200193-u-4500</leader><controlfield tag="001">000050631</controlfield><controlfield tag="002">20161230</controlfield><controlfield tag="005">20161230201048</controlfield><controlfield tag="008">080225s1000------------r-----000-0-eng-d</controlfield><datafield ind1=" " ind2=" " tag="040"><subfield code="a">IFIN-HH</subfield></datafield><datafield ind1=" " ind2=" " tag="080"><subfield code="a">517.9:530.145</subfield></datafield><datafield ind1="1" ind2=" " tag="100"><subfield code="a">Zinn-Justin,Jean</subfield></datafield><datafield ind1="1" ind2="0" tag="245"><subfield code="a">Path Itegrals in Quantum Mechanics</subfield><subfield code="c">Jean Zinn-Justin</subfield></datafield><datafield ind1=" " ind2=" " tag="260"><subfield code="a">Oxford</subfield><subfield code="b">University Press</subfield><subfield code="c">2005</subfield></datafield><datafield ind1=" " ind2=" " tag="300"><subfield code="a">318 p</subfield></datafield><datafield ind1=" " ind2=" " tag="504"><subfield code="a">Includes Bibliography and Index</subfield></datafield><datafield ind1=" " ind2="4" tag="650"><subfield code="a">Path Integrals in Quantum Mechanics</subfield></datafield><datafield ind1=" " ind2=" " tag="852"><subfield code="a">81938</subfield><subfield code="c">530.14</subfield></datafield><datafield ind1=" " ind2=" " tag="CAT"><subfield code="a">Sys</subfield><subfield code="c">20110329</subfield><subfield code="h">133119</subfield></datafield></record></collection>